@book{bierman2006factorization,
  title={Factorization Methods for Discrete Sequential Estimation},
  author={Bierman, G.J.},
  isbn={9780486449814},
  lccn={2007280888},
  series={Dover Books on Mathematics Series},
  url={https://books.google.com.sg/books?id=I\_pUAAAAYAAJ},
  year={2006},
  publisher={Dover Publications}
}
